<?xml version="1.0" encoding="UTF-8"?><collection xmlns="http://www.loc.gov/MARC21/slim"><record><leader>00520nam--2200133-i-4500</leader><controlfield tag="001">000031957</controlfield><controlfield tag="002">20161230</controlfield><controlfield tag="005">20161230201038</controlfield><controlfield tag="008">060222s1000------------r-----000-0-eng-d</controlfield><datafield ind1=" " ind2=" " tag="080"><subfield code="a">543.422:535.375.5(043)</subfield></datafield><datafield ind1=" " ind2=" " tag="100"><subfield code="a">Majoube, Michel</subfield></datafield><datafield ind1=" " ind2=" " tag="245"><subfield code="a">Pour une meilleure comprehension des spectres de vibration del`adenine et de la guanine: apport de la substitution isotopiques au deuterium et a l`azote 15 et du calcul de champ de force. these</subfield></datafield><datafield ind1=" " ind2=" " tag="260"><subfield code="a">Paris, Universite Pierre Et Marie Curie, 1984. 170p</subfield></datafield><datafield ind1=" " ind2=" " tag="852"><subfield code="a">74095</subfield></datafield></record></collection>